<marc:record xmlns:marc="http://www.loc.gov/MARC21/slim" xmlns:xsi="http://www.w3.org/2001/XMLSchema-instance" xsi:schemaLocation="http://www.loc.gov/MARC21/slim http://www.loc.gov/standards/marcxml/schema/MARC21slim.xsd">
  <marc:leader>     nam a2200277 a 45M</marc:leader>
  <marc:controlfield tag="001">001721013</marc:controlfield>
  <marc:controlfield tag="003">NNU</marc:controlfield>
  <marc:controlfield tag="005">20061010171012.0</marc:controlfield>
  <marc:controlfield tag="008">010416s1911    ua            000 0 ara d</marc:controlfield>
  <marc:datafield tag="035" ind1="9" ind2=" ">
    <marc:subfield code="a">NYUb12276630</marc:subfield>
  </marc:datafield>
  <marc:datafield tag="035" ind1=" " ind2=" ">
    <marc:subfield code="a">(CStRLIN)NYUG01-B1741</marc:subfield>
  </marc:datafield>
  <marc:datafield tag="040" ind1=" " ind2=" ">
    <marc:subfield code="a">PUL</marc:subfield>
    <marc:subfield code="c">PUL</marc:subfield>
    <marc:subfield code="d">ZCU</marc:subfield>
    <marc:subfield code="d">NNU</marc:subfield>
  </marc:datafield>
  <marc:datafield tag="050" ind1=" " ind2="4">
    <marc:subfield code="a">PJ7745.K8</marc:subfield>
    <marc:subfield code="b">K47 1911</marc:subfield>
  </marc:datafield>
  <marc:datafield tag="066" ind1=" " ind2=" ">
    <marc:subfield code="c">(3</marc:subfield>
  </marc:datafield>
  <marc:datafield tag="090" ind1=" " ind2=" ">
    <marc:subfield code="a">PJ7745.K8</marc:subfield>
    <marc:subfield code="b">K47 1911</marc:subfield>
  </marc:datafield>
  <marc:datafield tag="100" ind1="1" ind2=" ">
    <marc:subfield code="6">01</marc:subfield>
    <marc:subfield code="a">Kushājim, Abu al-Fatḥ Maḥmūd ibn al-Ḥusayn,</marc:subfield>
    <marc:subfield code="d">d. 962.</marc:subfield>
  </marc:datafield>
  <marc:datafield tag="100" ind1="1" ind2=" ">
    <marc:subfield code="6">01</marc:subfield>
    <marc:subfield code="a">كشاجم، محمود بت الحسين.</marc:subfield>
  </marc:datafield>
  <marc:datafield tag="240" ind1="1" ind2="0">
    <marc:subfield code="6">02</marc:subfield>
    <marc:subfield code="a">Adab wa-nudamāʼ wa-laṭāʼif al-ẓurafāʼ</marc:subfield>
  </marc:datafield>
  <marc:datafield tag="240" ind1="1" ind2="0">
    <marc:subfield code="6">02</marc:subfield>
    <marc:subfield code="a">ادب الندماء ولطائف الظرفاء</marc:subfield>
  </marc:datafield>
  <marc:datafield tag="245" ind1="1" ind2="0">
    <marc:subfield code="6">03</marc:subfield>
    <marc:subfield code="a">Kitāb Adab al-nudamāʼ wa-laṭāʼif al-ẓurafāʼ :</marc:subfield>
    <marc:subfield code="b">wa-yalīhi sharḥ wa-tashṭīr qaṣīdat Abī Firās al-Ḥamdānī /</marc:subfield>
    <marc:subfield code="c">taʼlīf Abī al-Fatḥ Maḥmūd ibn Kushājim.</marc:subfield>
  </marc:datafield>
  <marc:datafield tag="245" ind1="1" ind2="0">
    <marc:subfield code="6">03</marc:subfield>
    <marc:subfield code="a">كتاب ادب الندماء ولطاجف الظرفاء :</marc:subfield>
    <marc:subfield code="b">ويليه شرح وتشطير قصيدة ابي فراس الحمداني /</marc:subfield>
    <marc:subfield code="c">تأليف ابي الفتح محمود بن كشاجم.</marc:subfield>
  </marc:datafield>
  <marc:datafield tag="260" ind1=" " ind2=" ">
    <marc:subfield code="6">04</marc:subfield>
    <marc:subfield code="a">al-Iskandarīyah :</marc:subfield>
    <marc:subfield code="b">Maṭbaʻat Jurjī Gharzūzī,</marc:subfield>
    <marc:subfield code="c">1329 [1911]</marc:subfield>
  </marc:datafield>
  <marc:datafield tag="260" ind1=" " ind2=" ">
    <marc:subfield code="6">04</marc:subfield>
    <marc:subfield code="a">الاسكندرية :</marc:subfield>
    <marc:subfield code="b">مطبعة جرجي غرزوزي،</marc:subfield>
    <marc:subfield code="c">١٣٢٩.</marc:subfield>
  </marc:datafield>
  <marc:datafield tag="300" ind1=" " ind2=" ">
    <marc:subfield code="a">110 p. ;</marc:subfield>
    <marc:subfield code="c">20 cm.</marc:subfield>
  </marc:datafield>
  <marc:datafield tag="700" ind1="1" ind2=" ">
    <marc:subfield code="a">Abū Firās al-Ḥamdānī, al-Ḥārith ibn Saʻīd,</marc:subfield>
    <marc:subfield code="d">932-968</marc:subfield>
    <marc:subfield code="6">05</marc:subfield>
  </marc:datafield>
  <marc:datafield tag="700" ind1="1" ind2=" ">
    <marc:subfield code="6">05</marc:subfield>
    <marc:subfield code="a">أبو فراسالحمداني، الحارث بن سعيد.</marc:subfield>
  </marc:datafield>
  <marc:datafield tag="998" ind1=" " ind2=" ">
    <marc:subfield code="a">20010416</marc:subfield>
    <marc:subfield code="d">20010416</marc:subfield>
    <marc:subfield code="d">20010416</marc:subfield>
    <marc:subfield code="n">NNU</marc:subfield>
    <marc:subfield code="s">1</marc:subfield>
    <marc:subfield code="t">c</marc:subfield>
    <marc:subfield code="z">p</marc:subfield>
  </marc:datafield>
</marc:record>
